9430 7208
5825 940 8095 1061 Per't engelsch snauw scheepje the Mercury.
4969 1099 5120 1201 1-2
5545 1095 8584 1190 Een brief van den gouverneur Rijk Tulbagh en den raad aan
5545 1194 7993 1289 de Kamer Amsterdam in dato 26 September 1763.
4954 1326 5215 1471 3-8
5560 1349 8474 1448 Een dito aan de vergadering van 17en in dato als even.
5825 1440 8361 1554 Per't fransche oorlogschip le Comte d'Argenson.
4961 1588 5189 1724 9-12
5552 1599 8524 1706 Een dito aan de vergadering van 17en in dato 22 October
5568 1706 5818 1819 1763.
5821 1850 8641 1963 Per de fransche scheepen le Comte d'Artois, le Conde
5825 1963 6579 2054 en le Massiac.
4961 2092 5242 2225 13-15
5541 2081 8588 2194 Een dito aan de vergadering van 17en in dato 12 November
5571 2206 5837 2316 1763.
4972 2338 5242 2471 16-17
5560 2327 8266 2456 Een dito aan de Kamer Amsterdam in dato als boven.
5802 2448 7883 2543 Perütoengelsch schip The Royal George.
4969 2592 5223 2706 18-23
5552 2600 8486 2702 Een dito aan de vergadering van 17en in dato 2 January
5560 2698 5833 2812 1764.
5821 2831 7281 2949 Per't vroegschip Baarsande.
4954 2987 5245 3115 24-26
5545 3013 6735 3138 Register der papieren.
4954 3146 5245 3263 27-38
5545 3127 8577 3263 Origineele missive van den gouverneur Rijk Tulbagh en der
5541 3237 8569 3343 raad aan de vergadering van 17en in dato 7 January 1764.
4961 3384 5238 3513 39-41
5545 3400 8577 3517 Origineele missive van den gouverneur en raad aan de Ka¬
5545 3494 7550 3597 mer Amsterdam in dato 7 January 1764.
4957 3627 5245 3763 42-49
5545 3650 8467 3741 Copia missive van generaal en raden aan den gouverneur
5545 3745 8516 3847 Rijk Tulbagh beneevens den raad in dato 18 October 1763.
5560 3896 7394 3998 Dito dito in dato 1 November 1763.
5541 4048 8531 4165 Rapport van gecommitteerde zeelieden nopens de examina¬
5552 4154 7823 4268 tie der journalen van het schip Baarsande.
5552 4305 8528 4404 Dito van gecommitteerdens uyt den raad van justitie die
5545 4400 8421 4499 de afgescheepte wijnen geproeft en welbevonden hebben.
4961 4544 5234 4665 -
5541 4567 8531 4673 Origineele missive van den gouverneur Rijk Tulbagh bene¬
5552 4662 8361 4753 vens den raad aan de vergadering van 17en in dato 10
5552 4753 6261 4866 January 1764.
4961 4889 5234 5014 56-57
5545 4889 8042 5007 Dito aan de Kamer Amsterdam in dato als boven.
5814 5056 7993 5158 Per't engels snauw scheepje the Mercury.
4961 5200 5245 5317 58-60
5541 5207 8463 5321 Origineele missive van den gouverneur R. Tulbagh bene¬
5560 5302 8372 5408 vens den raad aan de vergadering van 17en in dato 16
5541 5408 6250 5522 January 1764.
5825 5480 8482 5658 Per de engelsche scheepen the Plassey en the Harl
5814 5662 6523 5753 of Asburnham.
4961 5787 5245 5901 61-62
5541 5784 8531 5897 Dito dito aan de vergadering van 17en in dato 11 Febru¬
5552 5901 6045 6022 ary 1764.
5821 5984 8474 6144 Per de schepen de Geertruyda, Burg, Bleyswijk, Blij-
5821 6125 6852 6216 dorp en Oosthuysen.
4957 6223 5249 6360 63-65
5545 6261 6754 6356 Register der papieren.
